@InProceedings{Boespflug:2011:FRF:2178104.2178141,
  author =	 {Boespflug, Mathieu and D{\'e}n\`{e}s, Maxime and
                  Gr{\'e}goire, Benjamin},
  title =	 {Full Reduction at Full Throttle},
  booktitle =	 {Proceedings of the First International Conference on
                  Certified Programs and Proofs},
  series =	 {CPP'11},
  year =	 2011,
  isbn =	 {978-3-642-25378-2},
  location =	 {Kenting, Taiwan},
  pages =	 {362--377},
  numpages =	 16,
  url =		 {http://dx.doi.org/10.1007/978-3-642-25379-9_26},
  doi =		 {10.1007/978-3-642-25379-9_26},
  acmid =	 2178141,
  publisher =	 {Springer-Verlag},
  address =	 {Berlin, Heidelberg},
}

@InProceedings{Gregoire:2002:CIS:581478.581501,
  author =	 {Gr{\'e}goire, Benjamin and Leroy, Xavier},
  title =	 {A Compiled Implementation of Strong Reduction},
  booktitle =	 {Proceedings of the Seventh ACM SIGPLAN International
                  Conference on Functional Programming},
  series =	 {ICFP '02},
  year =	 2002,
  isbn =	 {1-58113-487-8},
  location =	 {Pittsburgh, PA, USA},
  pages =	 {235--246},
  numpages =	 12,
  url =		 {http://doi.acm.org/10.1145/581478.581501},
  doi =		 {10.1145/581478.581501},
  acmid =	 581501,
  publisher =	 {ACM},
  address =	 {New York, NY, USA},
  keywords =	 {Coq, abstract machine, beta-equivalence, calculus of
                  constructions, normalization by evaluation, strong
                  reduction, virtual machine},
}

@Book{Hennesy:2011:CA,
  author =	 {John Hennessy and David Patterson},
  title =	 {Computer Architecture},
  date =	 {2011-09-16},
  subtitle =	 {A Quantitative Approach},
  edition =	 5,
  publisher =	 {Morgan Kaufmann},
  isbn =	 9780123838728
}

@Online{Intel:2011:API,
  author =	 {Intel},
  title =	 {Automatic Parallelization with {Intel\textregistered{}} Compilers},
  date =	 {2011-11-02},
  url =
                  {https://software.intel.com/en-us/articles/automatic-parallelization-with-intel-compilers}
}

@Article{Loh:2010:TID:1883634.1883637,
  author =	 {L\"{o}h, Andres and McBride, Conor and Swierstra,
                  Wouter},
  title =	 {A Tutorial Implementation of a Dependently Typed
                  Lambda Calculus},
  journal =	 {Fundam. Inf.},
  issue_date =	 {April 2010},
  volume =	 102,
  number =	 2,
  month =	 Apr,
  year =	 2010,
  issn =	 {0169-2968},
  pages =	 {177--207},
  numpages =	 31,
  url =		 {http://dl.acm.org/citation.cfm?id=1883634.1883637},
  acmid =	 1883637,
  publisher =	 {IOS Press},
  address =	 {Amsterdam, The Netherlands, The Netherlands},
}

@Online{Sabahi:2012:GAV,
  author =	 {Mark Sabahi},
  title =	 {A Guide to Auto-Vectorization with {Intel\textregistered{}} {C++}
                  Compilers},
  date =	 {2012-04-27},
  url =
                  {https://software.intel.com/en-us/articles/a-guide-to-auto-vectorization-with-intel-c-compilers}
}

@InProceedings{Xi:1998:EAB:277650.277732,
  author =	 {Xi, Hongwei and Pfenning, Frank},
  title =	 {Eliminating Array Bound Checking Through Dependent
                  Types},
  booktitle =	 {Proceedings of the ACM SIGPLAN 1998 Conference on
                  Programming Language Design and Implementation},
  series =	 {PLDI '98},
  year =	 1998,
  isbn =	 {0-89791-987-4},
  location =	 {Montreal, Quebec, Canada},
  pages =	 {249--257},
  numpages =	 9,
  url =		 {http://doi.acm.org/10.1145/277650.277732},
  doi =		 {10.1145/277650.277732},
  acmid =	 277732,
  publisher =	 {ACM},
  address =	 {New York, NY, USA},
}

@InProceedings{Xi:1999:DCE:645769.667623,
  author =	 {Xi, Hongwei},
  title =	 {Dead Code Elimination Through Dependent Types},
  booktitle =	 {Proceedings of the First International Workshop on
                  Practical Aspects of Declarative Languages},
  series =	 {PADL '99},
  year =	 1998,
  isbn =	 {3-540-65527-1},
  pages =	 {228--242},
  numpages =	 15,
  url =		 {http://dl.acm.org/citation.cfm?id=645769.667623},
  acmid =	 667623,
  publisher =	 {Springer-Verlag},
  address =	 {London, UK, UK},
}

@InProceedings{Xi:1999:DTP:292540.292560,
  author =	 {Xi, Hongwei and Pfenning, Frank},
  title =	 {Dependent Types in Practical Programming},
  booktitle =	 {Proceedings of the 26th ACM SIGPLAN-SIGACT Symposium
                  on Principles of Programming Languages},
  series =	 {POPL '99},
  year =	 1999,
  isbn =	 {1-58113-095-3},
  location =	 {San Antonio, Texas, USA},
  pages =	 {214--227},
  numpages =	 14,
  url =		 {http://doi.acm.org/10.1145/292540.292560},
  doi =		 {10.1145/292540.292560},
  acmid =	 292560,
  publisher =	 {ACM},
  address =	 {New York, NY, USA},
}
