@Misc{B+12,
  author =	 {Anja Becker and Antoine Joux and Alexander May and
                  Alexander Meurer},
  title =	 {Decoding Random Binary Linear Codes in $2^{n/{20}}$:
                  How $1+1=0$ Improves Information Set Decoding},
  year =	 2012,
  howpublished = {Cryptology ePrint Archive, Report 2012/026},
  version =	 {20120120:200144},
  month =	 jan,
  eprint =	 {https://eprint.iacr.org/2012/026}
}

@Article{BEvT78,
  author =	 {E. Berlekamp and R. McEliece and H. van Tilborg},
  title =	 {On the Inherent Intractability of Certain Coding
                  Problems},
  year =	 1978,
  volume =	 24,
  number =	 3,
  month =	 may,
  pages =	 {384-386},
  issn =	 {0018-9448},
  doi =		 {10.1109/TIT.1978.1055873},
  journal =	 {IEEE Transactions on Information Theory}
}

@Article{Bar94,
  author =	 {S. {Barg}},
  title =	 {Some New NP-Complete Coding Problems},
  year =	 1994,
  language =	 {English},
  volume =	 30,
  number =	 3,
  pages =	 {209-214},
  issn =	 {0032-9460; 1608-3253/e},
  fjournal =	 {Problems of Information Transmission},
  journal =	 {Probl. Inf. Transm.},
  publisher =	 {Springer US, New York, NY; Pleiades Publishing, New
                  York, NY; MAIK ``Nauka/Interperiodica'', Moscow},
  msc2010 =	 {94B05 68Q25},
  zbl =		 {0913.94009}
}

@techreport{Eli78,
    author = {Robert J. McEliece},
    institution = {Jet Propulsion Lab., CA},
    journal = {DSN Progress Report},
    number = {44},
    pages = {114-116},
    title = {A Public-Key Cryptosystem Based on Algebraic Coding Theory},
    volume = {42},
    year = {1978}
}

@Article{DH76,
  author =	 {Diffie, W. and Hellman, M.},
  title =	 {New Directions in Cryptography},
  year =	 1976,
  volume =	 22,
  number =	 6,
  month =	 nov,
  pages =	 {644-654},
  issn =	 {0018-9448},
  doi =		 {10.1109/TIT.1976.1055638},
  journal =	 {IEEE Trans. Inf. Theor.},
  numpages =	 11,
  acmid =	 2269104,
  publisher =	 {IEEE Press},
  address =	 {Piscataway, NJ, USA}
}

@Article{Dum96,
  author =	 {I. Dumer},
  title =	 {Suboptimal Decoding of Linear Codes: Partition
                  Technique},
  year =	 1996,
  volume =	 42,
  number =	 6,
  month =	 nov,
  pages =	 {1971-1986},
  issn =	 {0018-9448},
  doi =		 {10.1109/18.556688},
  journal =	 {IEEE Transactions on Information Theory}
}

@InBook{FLP08,
  title =	 {Cryptanalysis of MinRank},
  year =	 2008,
  author =	 {Faug{\`e}re, Jean-Charles and Levy-dit-Vehel,
                  Fran{\c{c}}oise and Perret, Ludovic},
  booktitle =	 {Advances in Cryptology -- CRYPTO 2008: 28th Annual
                  International Cryptology Conference, Santa Barbara,
                  CA, USA, August 17-21, 2008. Proceedings},
  editor =	 {Wagner, David},
  publisher =	 {Springer},
  isbn =	 {978-3-540-85174-5},
  pages =	 {280-296},
  doi =		 {10.1007/978-3-540-85174-5_16},
  address =	 {Berlin, Heidelberg}
}

@InBook{GC00,
  title =	 {Cryptanalysis of the TTM Cryptosystem},
  year =	 2000,
  author =	 {Goubin, Louis and Courtois, Nicolas T.},
  booktitle =	 {Advances in Cryptology --- ASIACRYPT 2000: 6th
                  International Conference on the Theory and
                  Application of Cryptology and Information Security
                  Kyoto, Japan, December 3--7, 2000 Proceedings},
  editor =	 {Okamoto, Tatsuaki},
  publisher =	 {Springer},
  isbn =	 {978-3-540-44448-0},
  pages =	 {44-57},
  doi =		 {10.1007/3-540-44448-3_4},
  address =	 {Berlin, Heidelberg}
}

@Article{GO01,
  author =	 {E. M. Gabidulin and A. V. Ourivski},
  title =	 {Modified GPT PKC with Right Scrambler},
  year =	 2001,
  volume =	 6,
  number =	 {Supplement C},
  pages =	 {168-177},
  note =	 {WCC2001, International Workshop on Coding and
                  Cryptography},
  issn =	 {1571-0653},
  doi =		 {10.1016/S1571-0653(04)00168-4},
  journal =	 {Electronic Notes in Discrete Mathematics},
  keywords =	 {McEliece cryptosystem, rank linear codes, scrambler}
}

@InProceedings{GPT91,
  author =	 {Gabidulin, E. M. and Paramonov, A. V. and Tretjakov,
                  O. V.},
  title =	 {Ideals over a Non-Commutative Ring and Their
                  Application in Cryptology},
  year =	 1991,
  booktitle =	 {Proceedings of the 10th Annual International
                  Conference on Theory and Application of
                  Cryptographic Techniques},
  series =	 {EUROCRYPT'91},
  publisher =	 {Springer-Verlag},
  location =	 {Brighton, UK},
  isbn =	 {3-540-54620-0},
  pages =	 {482-489},
  numpages =	 8,
  acmid =	 1754922,
  address =	 {Berlin, Heidelberg}
}

@Article{GRS13,
  author =	 {Philippe Gaborit and Olivier Ruatta and Julien
                  Schrek},
  title =	 {On the Complexity of the Rank Syndrome Decoding
                  Problem},
  year =	 2013,
  volume =	 {abs/1301.1026},
  eprint =	 {1301.1026},
  url =		 {http://arxiv.org/abs/1301.1026},
  journal =	 {CoRR},
  archiveprefix ={arXiv}
}

@InProceedings{GY05,
  author =	 {M. Gadouleau and Zhiyuan Yan},
  title =	 {Optimal Distortion Parameter for the GPT Public-Key
                  Cryptosystem},
  year =	 2005,
  booktitle =	 {IEEE/Sarnoff Symposium on Advances in Wired and
                  Wireless Communication, 2005.},
  month =	 apr,
  pages =	 {133-136},
  doi =		 {10.1109/SARNOF.2005.1426530}
}

@Article{GY08,
  author =	 {M. Gadouleau and Z. Yan},
  title =	 {On the Decoder Error Probability of Bounded
                  Rank-Distance Decoders for Maximum Rank-Distance
                  Codes},
  year =	 2008,
  volume =	 54,
  number =	 7,
  month =	 jul,
  pages =	 {3202-3206},
  issn =	 {0018-9448},
  doi =		 {10.1109/TIT.2008.924697},
  journal =	 {IEEE Transactions on Information Theory}
}

@Article{Gab85,
  author =	 {Gabidulin, E. M.},
  title =	 {Theory of Codes with Maximum Rank Distance},
  year =	 1985,
  volume =	 21,
  number =	 1,
  pages =	 {3-16},
  fjournal =	 {Problems of Information Transmission},
  journal =	 {Probl. Inf. Transm.}
}

@Article{Gib95,
  author =	 {Gibson, J. K.},
  title =	 {Severely denting the Gabidulin version of the
                  McEliece Public Key Cryptosystem},
  year =	 1995,
  volume =	 6,
  number =	 1,
  month =	 jul,
  pages =	 {37-45},
  issn =	 {1573-7586},
  doi =		 {10.1007/BF01390769},
  journal =	 {Designs, Codes and Cryptography},
  day =		 01
}

@InBook{Gib96,
  title =	 {The Security of the Gabidulin Public Key
                  Cryptosystem},
  year =	 1996,
  author =	 {Gibson, J. K.},
  booktitle =	 {Advances in Cryptology --- EUROCRYPT '96:
                  International Conference on the Theory and
                  Application of Cryptographic Techniques Saragossa,
                  Spain, May 12--16, 1996 Proceedings},
  editor =	 {Maurer, Ueli},
  publisher =	 {Springer},
  isbn =	 {978-3-540-68339-1},
  pages =	 {212-223},
  doi =		 {10.1007/3-540-68339-9_19},
  address =	 {Berlin, Heidelberg}
}

@Article{HT15,
  author =	 {Adrien Hauteville and Jean{-}Pierre Tillich},
  title =	 {New Algorithms for Decoding in the Rank Metric and
                  an Attack on the {LRPC} Cryptosystem},
  year =	 2015,
  volume =	 {abs/1504.05431},
  eprint =	 {1504.05431},
  url =		 {http://arxiv.org/abs/1504.05431},
  journal =	 {CoRR},
  archiveprefix ={arXiv}
}

@InBook{KS99,
  title =	 {Cryptanalysis of the HFE Public Key Cryptosystem by
                  Relinearization},
  year =	 1999,
  author =	 {Kipnis, Aviad and Shamir, Adi},
  booktitle =	 {Advances in Cryptology --- CRYPTO' 99: 19th Annual
                  International Cryptology Conference Santa Barbara,
                  California, USA, August 15--19, 1999 Proceedings},
  editor =	 {Wiener, Michael},
  publisher =	 {Springer},
  isbn =	 {978-3-540-48405-9},
  pages =	 {19-30},
  doi =		 {10.1007/3-540-48405-1_2},
  url =		 {https://doi.org/10.1007/3-540-48405-1_2},
  address =	 {Berlin, Heidelberg}
}

@InProceedings{Ksh07,
  author =	 {A. Kshevetskiy},
  title =	 {Security of GPT-Like Public-Key Cryptosystems Based
                  on Linear Rank Codes},
  year =	 2007,
  booktitle =	 {3rd International Workshop on Signal Design and Its
                  Applications in Communications},
  month =	 sep,
  pages =	 {143-147},
  doi =		 {10.1109/IWSDA.2007.4408344},
  issn =	 {2150-3680}
}

@InBook{LB88,
  title =	 {An Observation on the Security of McEliece's
                  Public-Key Cryptosystem},
  year =	 1988,
  author =	 {Lee, P. J.  and Brickell, E. F.},
  booktitle =	 {Advances in Cryptology --- EUROCRYPT '88: Workshop
                  on the Theory and Application of Cryptographic
                  Techniques Davos, Switzerland, May 25--27, 1988
                  Proceedings},
  editor =	 {Barstow, D.  and Brauer, W.  and Brinch Hansen, P.
                  and Gries, D.  and Luckham, D.  and Moler, C.  and
                  Pnueli, A.  and Seegm{\"u}ller, G.  and Stoer, J.
                  and Wirth, N.  and G{\"u}nther, Christoph G.},
  publisher =	 {Springer},
  isbn =	 {978-3-540-45961-3},
  pages =	 {275-280},
  doi =		 {10.1007/3-540-45961-8_25},
  address =	 {Berlin, Heidelberg}
}

@Book{LW01,
  author =	 {J. H. van Lint and R. M. Wilson},
  title =	 {A Course in Combinatorics},
  year =	 2001,
  edition =	 2,
  publisher =	 {Cambridge University Press},
  isbn =	 9780521006019,
  pagetotal =	 602
}

@Article{Leo88,
  author =	 {J. S. Leon},
  title =	 {A Probabilistic Algorithm for Computing Minimum
                  Weights of Large Error-Correcting Codes},
  year =	 1988,
  volume =	 34,
  number =	 5,
  month =	 sep,
  pages =	 {1354-1359},
  issn =	 {0018-9448},
  doi =		 {10.1109/18.21270},
  journal =	 {IEEE Transactions on Information Theory}
}

@Misc{Loi17,
  author =	 {Pierre Loidreau},
  title =	 {A New Rank Metric Codes Based Encryption Scheme},
  year =	 2017,
  howpublished = {Cryptology ePrint Archive, Report 2017/236},
  version =	 {20170311:144514},
  month =	 mar,
  eprint =	 {https://eprint.iacr.org/2017/236}
}

@InBook{Ove05,
  title =	 {A New Structural Attack for GPT and Variants},
  year =	 2005,
  author =	 {Overbeck, Raphael},
  booktitle =	 {Progress in Cryptology --- Mycrypt 2005: First
                  International Conference on Cryptology in Malaysia,
                  Kuala Lumpur, Malaysia, September 28--30,
                  2005. Proceedings},
  editor =	 {Dawson, Ed and Vaudenay, Serge},
  publisher =	 {Springer},
  isbn =	 {978-3-540-32066-1},
  pages =	 {50-63},
  doi =		 {10.1007/11554868_5},
  address =	 {Berlin, Heidelberg}
}

@InBook{Ove06,
  title =	 {Extending Gibson's Attacks on the GPT Cryptosystem},
  year =	 2006,
  author =	 {Overbeck, Raphael},
  booktitle =	 {Coding and Cryptography: International Workshop, WCC
                  2005, Bergen, Norway, March 14--18, 2005. Revised
                  Selected Papers},
  editor =	 {Ytrehus, {\O}yvind},
  publisher =	 {Springer},
  isbn =	 {978-3-540-35482-6},
  pages =	 {178-188},
  doi =		 {10.1007/11779360_15},
  address =	 {Berlin, Heidelberg}
}

@Article{Ove08,
  author =	 {Overbeck, Raphael},
  title =	 {Structural Attacks for Public-Key Cryptosystems
                  Based on Gabidulin Codes},
  year =	 2008,
  volume =	 21,
  number =	 2,
  month =	 apr,
  pages =	 {280-301},
  issn =	 {1432-1378},
  doi =		 {10.1007/s00145-007-9003-9},
  journal =	 {Journal of Cryptology},
  day =		 01
}

@Thesis{Pet11,
  author =	 {C. P. Peters},
  title =	 {Curves, Codes, and Cryptography},
  type =	 {Dissertation},
  institution =	 {Technische Universiteit Eindhoven},
  year =	 2011,
  isbn =	 {978-90-386-2476-1},
  doi =		 {10.6100/IR711052},
  eprint =
                  {http://repository.tue.nl/8060eb20-09dc-437a-b5d7-8faae3ccc447}
}

@Article{Pra62,
  author =	 {E. Prange},
  title =	 {The Use of Information Sets in Decoding Cyclic
                  Codes},
  year =	 1962,
  volume =	 8,
  number =	 5,
  month =	 sep,
  pages =	 {5-9},
  issn =	 {0096-1000},
  doi =		 {10.1109/TIT.1962.1057777},
  journal =	 {IRE Transactions on Information Theory}
}

@Article{RSA78,
  author =	 {Rivest, R. L. and Shamir, A. and Adleman, L.},
  title =	 {A Method for Obtaining Digital Signatures and
                  Public-Key Cryptosystems},
  year =	 1978,
  volume =	 21,
  number =	 2,
  month =	 feb,
  pages =	 {120-126},
  issn =	 {0001-0782},
  doi =		 {10.1145/359340.359342},
  journal =	 {Commun. ACM},
  numpages =	 7,
  acmid =	 359342,
  publisher =	 {ACM},
  address =	 {New York, NY, USA}
}

@Manual{SageMath,
  author =	 {The Sage Developers},
  title =	 {{SageMath}, the {S}age {M}athematics {S}oftware
                  {S}ystem ({V}ersion 8.1)},
  year =	 2017,
  url =		 {http://www.sagemath.org}
}

@Book{Sch96,
  author =	 {Bruce Schneier},
  title =	 {Applied Cryptography},
  year =	 1996,
  subtitle =	 {Protocols, Algorithms, and Source Code in C},
  edition =	 2,
  publisher =	 {John Wiley \& Sons},
  isbn =	 {978-1-119-09672-6},
  pagetotal =	 758
}

@Article {Sha48,
  author =	 {Shannon, C. E.},
  title =	 {A Mathematical Theory of Communication},
  year =	 1948,
  volume =	 27,
  number =	 3,
  pages =	 {379-423},
  issn =	 {1538-7305},
  doi =		 {10.1002/j.1538-7305.1948.tb01338.x},
  journal =	 {Bell System Technical Journal},
  publisher =	 {Blackwell Publishing Ltd}
}

@Article{Sho97,
  author =	 {Shor, Peter W.},
  title =	 {Polynomial-Time Algorithms for Prime Factorization
                  and Discrete Logarithms on a Quantum Computer},
  year =	 1997,
  volume =	 26,
  number =	 5,
  month =	 oct,
  pages =	 {1484-1509},
  issn =	 {0097-5397},
  doi =		 {10.1137/S0097539795293172},
  journal =	 {SIAM J. Comput.},
  issue_date =	 {Oct. 1997},
  numpages =	 26,
  acmid =	 264406,
  publisher =	 {Society for Industrial and Applied Mathematics},
  address =	 {Philadelphia, PA, USA}
}

@Article{Sin64,
  author =	 {R. Singleton},
  title =	 {Maximum Distance $q$-nary Codes},
  year =	 1964,
  volume =	 10,
  number =	 2,
  month =	 apr,
  pages =	 {116-118},
  issn =	 {0018-9448},
  doi =		 {10.1109/TIT.1964.1053661},
  journal =	 {IEEE Transactions on Information Theory}
}

@InBook{Ste89,
  title =	 {A Method for Finding Codewords of Small Weight},
  year =	 1989,
  author =	 {Stern, Jacques},
  booktitle =	 {Coding Theory and Applications: 3rd International
                  Colloquium Toulon, France, November 2--4, 1988
                  Proceedings},
  editor =	 {Cohen, G{\'e}rard and Wolfmann, Jacques},
  publisher =	 {Springer},
  isbn =	 {978-3-540-46726-7},
  pages =	 {106-113},
  doi =		 {10.1007/BFb0019850},
  address =	 {Berlin, Heidelberg}
}

@InProceedings{WSB10,
  author =	 {Wachter, A. and Sidorenko, V. and Bossert, M.},
  title =	 {A Fast Linearized Euclidean Algorithm for Decoding
                  Gabidulin Codes},
  year =	 2010,
  booktitle =	 {Proceedings of the 12th International Workshop on
                  Algebraic and Combinatorial Coding Theory (ACCT)},
  month =	 sep,
  pages =	 {298-303}
}